@article{dichotomy,
    author  = "Blankers, V. and Rendfrey, T. and Shukert A. and Shipman P.D.",
    title   = "Julia and Mandelbrot Sets for Dynamics over the Hyperbolic Numbers",
    url  = "https://www.mdpi.com/2504-3110/3/1/6"
}

@article{defn-of-fatou-sets-dust,
    author = "Weisstein, Eric W.",
    title = "Julia Set",
    url = "https://mathworld.wolfram.com/JuliaSet.html"
}


@article{julia-sets-examples,
    author = "Wikipedia",
    title = "Julia Sets",
    url = "https://en.wikipedia.org/wiki/Julia_set"
}